<record><leader>00000cas a2200000 a 4500</leader><controlfield tag="001">15601925</controlfield><controlfield tag="008">870428d19511964iaudn ne      0    0eng c</controlfield><datafield ind1=" " ind2=" " tag="010"><subfield code="a">sn 87058172 </subfield></datafield><datafield ind1=" " ind2=" " tag="040"><subfield code="a">INP</subfield><subfield code="b">eng</subfield><subfield code="c">INP</subfield><subfield code="d">NVF</subfield><subfield code="d">OCLCQ</subfield><subfield code="d">NVF</subfield><subfield code="d">OCLCQ</subfield><subfield code="d">OCLCF</subfield><subfield code="d">OCLCO</subfield><subfield code="d">IUL</subfield><subfield code="d">OCL</subfield></datafield><datafield ind1=" " ind2=" " tag="042"><subfield code="a">pcc</subfield></datafield><datafield ind1=" " ind2=" " tag="043"><subfield code="a">n-us-ia</subfield></datafield><datafield ind1="0" ind2=" " tag="130"><subfield code="a">Morning Democrat (Davenport, Iowa : 1951)</subfield></datafield><datafield ind1="1" ind2="0" tag="245"><subfield code="a">Morning Democrat.</subfield></datafield><datafield ind1="1" ind2=" " tag="246"><subfield code="i">Published on Sundays &lt;Dec. 1951&gt; as:</subfield><subfield code="a">Sunday Democrat and times</subfield></datafield><datafield ind1="1" ind2=" " tag="246"><subfield code="i">Published on Sundays &lt;Aug.-Sept. 1958&gt; as:</subfield><subfield code="a">Sunday times-Democrat</subfield></datafield><datafield ind1="1" ind2=" " tag="246"><subfield code="i">Published on Saturdays &lt;Aug. 9, 1958&gt;-1964 as:</subfield><subfield code="a">Times-Democrat</subfield></datafield><datafield ind1="1" ind2="3" tag="246"><subfield code="a">Saturday times-Democrat</subfield></datafield><datafield ind1=" " ind2=" " tag="260"><subfield code="a">Davenport, Iowa :</subfield><subfield code="b">Leland M. Turnbull,</subfield><subfield code="c">1951-1964.</subfield></datafield><datafield ind1=" " ind2=" " tag="300"><subfield code="a">v.</subfield></datafield><datafield ind1=" " ind2=" " tag="310"><subfield code="a">Daily (except Saturdays, Sundays, Mondays and holidays),</subfield><subfield code="b">&lt;Aug. 5, 1958&gt;-1964</subfield></datafield><datafield ind1=" " ind2=" " tag="321"><subfield code="a">Daily (except Monday),</subfield><subfield code="b">1951-&lt;&gt;</subfield></datafield><datafield ind1="0" ind2=" " tag="362"><subfield code="a">96th year, no. 303 (Oct. 2, 1951)-May 31, 1964.</subfield></datafield><datafield ind1=" " ind2=" " tag="500"><subfield code="a">Issues for -May 1964 called Iowa ed.</subfield></datafield><datafield ind1=" " ind2=" " tag="500"><subfield code="a">Imprint varies.</subfield></datafield><datafield ind1=" " ind2=" " tag="515"><subfield code="a">Sunday issues numbered separately, &lt;Dec. 1915&gt;.</subfield></datafield><datafield ind1=" " ind2=" " tag="515"><subfield code="a">Issues for &lt;Aug. 5, 1958-Sept. 17, 1958&gt; called &lt;v. 7, no. 185-no. 210&gt;; issues for -May 29, 1964 called -109th year and lack issue no.</subfield></datafield><datafield ind1=" " ind2="0" tag="651"><subfield code="a">Davenport (Iowa)</subfield><subfield code="v">Newspapers.</subfield></datafield><datafield ind1=" " ind2="0" tag="651"><subfield code="a">Scott County (Iowa)</subfield><subfield code="v">Newspapers.</subfield></datafield><datafield ind1=" " ind2="7" tag="651"><subfield code="a">Iowa</subfield><subfield code="z">Scott County.</subfield><subfield code="2">fast</subfield><subfield code="0">(OCoLC)fst01212225</subfield></datafield><datafield ind1=" " ind2="7" tag="651"><subfield code="a">Iowa</subfield><subfield code="z">Davenport.</subfield><subfield code="2">fast</subfield><subfield code="0">(OCoLC)fst01207492</subfield></datafield><datafield ind1=" " ind2="7" tag="655"><subfield code="a">Newspapers.</subfield><subfield code="2">fast</subfield><subfield code="0">(OCoLC)fst01423814</subfield></datafield><datafield ind1=" " ind2=" " tag="752"><subfield code="a">United States</subfield><subfield code="b">Iowa</subfield><subfield code="c">Scott</subfield><subfield code="d">Davenport.</subfield></datafield><datafield ind1="0" ind2=" " tag="775"><subfield code="t">Daily times (Davenport, Iowa)</subfield><subfield code="g">1951-&lt;Sept. 26, 1961&gt;</subfield><subfield code="w">(DLC)sn 82015304</subfield><subfield code="w">(OCoLC)8807494</subfield></datafield><datafield ind1="0" ind2="0" tag="780"><subfield code="t">Democrat and leader</subfield><subfield code="w">(DLC)sn 82014119</subfield><subfield code="w">(OCoLC)8776431</subfield></datafield><datafield ind1="0" ind2="7" tag="785"><subfield code="t">Daily times (Davenport, Iowa)</subfield><subfield code="w">(DLC)sn 82015304</subfield><subfield code="w">(OCoLC)8807494</subfield></datafield><datafield ind1="0" ind2="7" tag="785"><subfield code="t">Times-Democrat (Davenport, Iowa)</subfield><subfield code="w">(DLC)sn 87058174</subfield><subfield code="w">(OCoLC)15602083</subfield></datafield><datafield ind1="1" ind2=" " tag="029"><subfield code="a">AU@</subfield><subfield code="b">000020459417</subfield></datafield></record>